%% This BibTeX bibliography file was created using BibDesk.
%% https://bibdesk.sourceforge.io/

%% Created for 陆宇昂 at 2025-02-10 11:44:31 +0800 


%% Saved with string encoding Unicode (UTF-8) 



@book{docarmo,
	author = {Manfredo P. do Carmo},
	date-added = {2025-02-10 11:38:50 +0800},
	date-modified = {2025-02-10 11:44:31 +0800},
	edition = {Second},
	publisher = {Dover Publications},
	title = {Differential Geometry of Curves \& Surfaces},
	year = {2016}}

@book{gos,
	author = {John Stillwell},
	date-added = {2025-02-10 11:33:22 +0800},
	date-modified = {2025-02-10 11:38:34 +0800},
	publisher = {Springer New York, NY},
	series = {Universitext},
	title = {Geometry of Surfaces},
	year = {1992}}
